@misc{Goodman,
  doi = {10.22541/au.148769949.92783646},
  url = {https://doi.org/10.22541%2Fau.148769949.92783646},
  author = {Alyssa Goodman and Josh Peek and Alberto Accomazzi and Chris Beaumont and Christine L. Borgman and How-Huan Hope Chen and Merce Crosas and Christopher Erdmann and August Muench and Alberto Pepe and Curtis Wong},
  title = {{The Paper of the Future}},
}


@incollection{Feynman,
  doi = {10.1017/cbo9781107590076.002},
  url = {https://doi.org/10.1017%2Fcbo9781107590076.002},
  publisher = {Cambridge University Press},
  pages = {1--60},
  author = {Richard P. Feynman and Richard P. Feynman and Steven Weinberg},
  title = {{The reason for antiparticles}},
  booktitle = {Elementary Particles and the Laws of Physics},
}


@article{Jara_Mu_oz_2019,
  doi = {10.1600/036364419x697895},
  url = {https://doi.org/10.1600%2F036364419x697895},
  year = {2019},
  month = {mar},
  publisher = {American Society of Plant Taxonomists},
  volume = {44},
  number = {1},
  pages = {52--65},
  author = {Orlando A. Jara-Mu{\~{n}}oz and James E. Richardson and Santiago Madri{\~{n}}an},
  title = {{Character Evolution and Recircumscription of the Northern Andean Begonia Section Casparya (Begoniaceae)}},
  journal = {Systematic Botany},
}


@incollection{F_GRI_1979,
  doi = {10.1016/b978-0-08-023160-0.50011-6},
  url = {https://doi.org/10.1016%2Fb978-0-08-023160-0.50011-6},
  year = {1979},
  publisher = {Elsevier},
  pages = {42--54},
  author = {K. F{\AE}GRI and L. VAN DER PIJL},
  title = {{{BIOTIC} {POLLINATION}. {PRINCIPLES}}},
  booktitle = {Principles of Pollination Ecology},
}


@book{1979,
  doi = {10.1016/c2009-0-00736-3},
  url = {https://doi.org/10.1016%2Fc2009-0-00736-3},
  year = {1979},
  publisher = {Elsevier},
  title = {{Principles of Pollination Ecology}},
}
